<record><leader>00000cas a22000007a 4500</leader><controlfield tag="001">9994140</controlfield><controlfield tag="008">831008d18281831ohuwr ne      0    0eng d</controlfield><controlfield tag="009">3783</controlfield><datafield ind1=" " ind2=" " tag="010"><subfield code="a">sn 83035500 </subfield></datafield><datafield ind1=" " ind2=" " tag="040"><subfield code="a">NPY</subfield><subfield code="b">eng</subfield><subfield code="c">NPY</subfield><subfield code="d">NPX</subfield><subfield code="d">DLC</subfield><subfield code="d">ONP</subfield><subfield code="d">CNK</subfield></datafield><datafield ind1="1" ind2=" " tag="029"><subfield code="a">AU@</subfield><subfield code="b">000025784832</subfield></datafield><datafield ind1=" " ind2=" " tag="042"><subfield code="a">msc</subfield></datafield><datafield ind1="0" ind2="4" tag="245"><subfield code="a">The Ohio patriot and New-Lisbon gazette.</subfield></datafield><datafield ind1="1" ind2="3" tag="246"><subfield code="a">Ohio patriot and New Lisbon gazette</subfield></datafield><datafield ind1="1" ind2="0" tag="246"><subfield code="a">Ohio patriot</subfield></datafield><datafield ind1=" " ind2=" " tag="260"><subfield code="a">New-Lisbon, Ohio :</subfield><subfield code="b">William D. Lepper,</subfield><subfield code="c">1828-</subfield></datafield><datafield ind1=" " ind2=" " tag="300"><subfield code="a">v.</subfield></datafield><datafield ind1=" " ind2=" " tag="310"><subfield code="a">Weekly</subfield></datafield><datafield ind1="0" ind2=" " tag="362"><subfield code="a">Vol. 16, no. 807 (Mar. 8, 1828)-</subfield></datafield><datafield ind1="1" ind2=" " tag="362"><subfield code="a">Ceased in Nov. 1831.</subfield></datafield><datafield ind1=" " ind2=" " tag="500"><subfield code="a">"Democratic." Cf. Gutgesell, S.  Guide to Ohio newspapers, 1974.</subfield></datafield><datafield ind1="1" ind2=" " tag="700"><subfield code="a">Lepper, William D.</subfield></datafield><datafield ind1=" " ind2=" " tag="752"><subfield code="a">United States</subfield><subfield code="b">Ohio</subfield><subfield code="c">Columbiana</subfield><subfield code="d">New Lisbon.</subfield></datafield><datafield ind1="0" ind2="0" tag="780"><subfield code="t">Ohio patriot and New-Lisbon weekly advertiser</subfield><subfield code="w">(DLC)sn 83035499</subfield></datafield><datafield ind1="0" ind2="0" tag="785"><subfield code="t">Ohio patriot (New Lisbon, Ohio : 1831)</subfield><subfield code="w">(DLC)sn 83035501</subfield></datafield></record>